
@book {MR96d:65067,
    AUTHOR = {Lawson, Charles L. and Hanson, Richard J.},
     TITLE = {Solving least squares problems},
    SERIES = {Classics in Applied Mathematics},
    VOLUME = {15},
      NOTE = {Revised reprint of the 1974 original},
 PUBLISHER = {Society for Industrial and Applied Mathematics (SIAM)},
   ADDRESS = {Philadelphia, PA},
      YEAR = {1995},
     PAGES = {xii+337},
      ISBN = {0-89871-356-0},
   MRCLASS = {65F20},
  MRNUMBER = {96d:65067},
}

@misc{ sls,
	author = "Pontus Matstoms",
	title = "{SLS}: A {MATLAB} Toolbox for Sparse Least Squares problems",
	node="\url{http://www.math.liu.se/~milun/sls/}",
	year="2004"
}

@misc{ taucs,
	author = "Sivan Toledo and Vladimir Rotkin and Doron Chen",
	title = "{TAUCS}: A Library of Sparse Linear Solvers",
	note = "Version 2.2",
	year = "2003",
	note="\url{http://www.tau.ac.il/~stoledo/taucs/}"
}
	
@misc{ knitro,
   author = "R. A. Waltz and J. Nocedal", 
   title = " {KNITRO} User's Manual",
   note = "Technical Report OTC 2003/05", 
   Publisher = "Optimization Technology Center, Northwestern University",
   Address = "Evanston, IL",
   Month =  "April",
   YEAR = "2003"
}

@misc{ tomlab,
    title = "{TOMLAB} Optimization Environment",
    author = "{Tomlab Optimization, Inc.}",
    node="\url{http://www.tomlab.biz}",
    year="2004"
}

@article {MR2000h:90104,
    AUTHOR = {Byrd, Richard H. and Hribar, Mary E. and Nocedal, Jorge},
     TITLE = {An interior point algorithm for large-scale nonlinear
              programming},
      NOTE = {Dedicated to John E. Dennis, Jr., on his 60th birthday},
   JOURNAL = {SIAM J. Optim.},
  FJOURNAL = {SIAM Journal on Optimization},
    VOLUME = {9},
      YEAR = {1999},
    NUMBER = {4},
     PAGES = {877--900 (electronic)},
      ISSN = {1095-7189},
   MRCLASS = {90C51 (90C30)},
  MRNUMBER = {2000h:90104},
MRREVIEWER = {Jiu Ding},
}

@book {MR97g:65004,
    AUTHOR = {Bj{\"o}rck, {\AA}ke},
     TITLE = {Numerical methods for least squares problems},
 PUBLISHER = {Society for Industrial and Applied Mathematics (SIAM)},
   ADDRESS = {Philadelphia, PA},
      YEAR = {1996},
     PAGES = {xviii+408},
      ISBN = {0-89871-360-9},
   MRCLASS = {65-02 (65Fxx 65H99)},
  MRNUMBER = {97g:65004},
MRREVIEWER = {Hongyuan Zha},
}
